<record><leader>00000cas a22000007a 4500</leader><controlfield tag="001">20980656</controlfield><controlfield tag="008">900131d19141915mouwr ne      0    0eng d</controlfield><datafield ind1=" " ind2=" " tag="010"><subfield code="a">sn 90061224 </subfield></datafield><datafield ind1=" " ind2=" " tag="040"><subfield code="a">MQN</subfield><subfield code="b">eng</subfield><subfield code="c">MQN</subfield><subfield code="d">OCL</subfield><subfield code="d">OCLCQ</subfield></datafield><datafield ind1=" " ind2=" " tag="042"><subfield code="a">msc</subfield></datafield><datafield ind1="0" ind2="4" tag="245"><subfield code="a">The Koshkonong times.</subfield></datafield><datafield ind1=" " ind2=" " tag="260"><subfield code="a">Koshkonong, Or. County, Mo. :</subfield><subfield code="b">Times Pub. Co.,</subfield><subfield code="c">1914-1915.</subfield></datafield><datafield ind1=" " ind2=" " tag="300"><subfield code="a">v.</subfield></datafield><datafield ind1=" " ind2=" " tag="310"><subfield code="a">Weekly</subfield></datafield><datafield ind1="0" ind2=" " tag="362"><subfield code="a">Vol. 1, no. 1 (Feb. 6, 1914)-v. 2, no. 43 (Nov. 26, 1915).</subfield></datafield><datafield ind1=" " ind2=" " tag="752"><subfield code="a">United States</subfield><subfield code="b">Missouri</subfield><subfield code="c">Oregon</subfield><subfield code="d">Koshkonong.</subfield></datafield><datafield ind1="0" ind2="7" tag="785"><subfield code="t">Oregon County leader</subfield><subfield code="w">(DLC)sn 90061223</subfield></datafield><datafield ind1="0" ind2="7" tag="785"><subfield code="t">Oregon County times-leader</subfield><subfield code="w">(DLC)sn 90061225</subfield></datafield></record>